@misc{fredriksson,
  author = {Bastian Fredriksson},
  title = {An Introduction to the Mandelbrot Set},
  url = {https://www.kth.se/social/files/5504b42ff276543e4aa5f5a1/An_introduction_to_the_Mandelbrot_Set.pdf},
  year = {2015},
  urldate = {2022-03-31},
  organization = {KTH Royal Institute of Technology}
}

@misc{ewing,
  author = {John H. Ewing},
  title = {Can We See the Mandelbrot Set?},
  url = {https://www.maa.org/sites/default/files/pdf/upload_library/22/Polya/07468342.di020766.02p01214.pdf},
  year = {1996},
  urldate = {2022-03-31},
  organization = {The College Mathematics Journal}
}

@misc{mitchell,
  author = {Kerry Mitchell},
  title = {A Statistical Investigation of the Area of the Mandelbrot Set},
  url = {https://www.fractalus.com/kerry/articles/area/mandelbrot-area.html},
  year = {2001},
  urldate = {2022-03-31},
  organization = {Fractalus}
}

@misc{ewing_schober,
  author = {John H. Ewing and Glenn Schober},
  title = {The area of the Mandelbrot set},
  url = {http://www.digizeitschriften.de/download/PPN362160546_0061/PPN362160546_0061___log8.pdf},
  year = {1992},
  urldate = {2022-03-31},
  organization = {DigiZeitschriften}
}

@misc{mandelbrot,
  author = {Benoît Mandelbrot},
  publisher = {W.H. Freeman And Company},
  title = {The Fractal Geometry of Nature},
  page = {1}, 
  urldate = {2022-03-31},
  year = {2006}
}

@misc{yale,
  author = {Yale University},
  organization = {Yale University},
  title = {The boundary of the Mandelbrot set},
  urldate = {2022-03-31}, 
  url = {https://users.math.yale.edu/public_html/People/frame/Fractals/MandelSet/MandelBoundary/Bdry.html}
}

@misc{wikimedia,
  author = {WikiMedia},
  organization = {WikiMedia},
  title = {Mandelbrot Set – Periodicities coloured},
  urldate = {2022-04-01}, 
  year = {2005},
  url = {https://commons.wikimedia.org/wiki/File:Mandelbrot_Set_%E2%80%93_Periodicities_coloured.png}
}

@misc{emily,
  author = {Allaway Emily},
  organization = {University of Washington},
  title = {The Mandelbrot Set and the Farey Tree},
  urldate = {2022-04-01}, 
  year = {2006}, 
  url = {https://sites.math.washington.edu/~morrow/336_16/2016papers/emily.pdf}
}

@misc{tan,
  author = {Lei Tan},
  organization = {University of Bremen},
  title = {Similarity Between the Mandelbrot Set and Julia Sets},
  urldate = {2022-04-04}, 
  year = {1989}, 
  url = {https://link.springer.com/content/pdf/10.1007/BF02098448.pdf}
}

@misc{avalos-bock,
  author = {Stephanie Avalos-Bock},
  organization = {The University of Chicago},
  title = {Fractal Geometry: The Mandelbrot and Julia Sets},
  urldate = {2022-04-04}, 
  year = {2009}, 
  url = {http://www.math.uchicago.edu/~may/VIGRE/VIGRE2009/REUPapers/Avalos-Bock.pdf}
}

@misc{bargmann,
  author = {Detlef Bargmann},
  organization = {Cambridge University},
  title = {Simple proofs of some fundamental properties of the Julia set},
  urldate = {2022-04-04}, 
  year = {1999}, 
  url = {https://www.cambridge.org/core/services/aop-cambridge-core/content/view/B1CD3864EFBA9CE456295965CF4D2B08/S0143385799130153a.pdf/simple-proofs-of-some-fundamental-properties-of-the-julia-set.pdf}
}

@misc{bourke,
  author = {Paul Bourke},
  title = {Julia Set Fractal (2D)},
  urldate = {2022-04-04}, 
  year = {2001}, 
  url = {http://paulbourke.net/fractals/juliaset/}
}

@misc{belk,
  author = {Jim Belk},
  title = {Julia Sets and the Mandelbrot Set},
  organization = {Cornell University},
  urldate = {2022-04-04}, 
  url = {https://e.math.cornell.edu/people/belk/dynamicalsystems/NotesJuliaMandelbrot.pdf}
}

https://www.cambridge.org/core/journals/ergodic-theory-and-dynamical-systems/article/simple-proofs-of-some-fundamental-properties-of-the-julia-set/B1CD3864EFBA9CE456295965CF4D2B08
